@book{NielsenQComp,
	Title={Quantum Computation and Quantum Information},
	author={Nielsen, Michael A., and Isaac L. Chuang},
	year={2010},
	publisher={Cambridge University Press}
}

@misc{ibm_composer_docs,
	Title={IBM Quantum Composer Docs},
	author={IBM},
	year={2021},
	url = {https://quantum-computing.ibm.com/composer/docs/iqx/}
}