@book{griffiths,
	Title={Introduction To Electrodynamics},
	author={David J. Griffiths},
	year={2017},
	publisher={Cambridge University Press}
}

@book{krane,
	Title={Modern Physics},
	author={Kenneth Krane},
	year={2012},
	publisher={Wiley}
}


@book{hect,
	Title={Optics},
	author={Eugene Hect},
	year={2015},
	publisher={Pearson}
}

@book{sci_inst,
	Title={Modern Instrumentation For Scientists and Engineers},
	author={James Blackburn},
	year={2000},
	publisher={Springer-Verlag New York Inc.}
}

@misc{zeiss_mercur_spectra,
	Title={Fundamentals of mercury arc lamps},
	author={Michael W. Davidson, Zeiss},
	url = {https://zeiss-campus.magnet.fsu.edu/articles/lightsources/mercuryarc.html}
}