@book{krane,
	Title={Modern Physics},
	author={Kenneth Krane},
	year={2012},
	publisher={Wiley}
}


@book{hect,
	Title={Optics},
	author={Eugene Hect},
	year={2015},
	publisher={Pearson}
}

@book{sci_inst,
	Title={Modern Instrumentation For Scientists and Engineers},
	author={James Blackburn},
	year={2000},
	publisher={Springer-Verlag New York Inc.}
}

@misc{webb,
	Title={Webb Space Telescope},
	author={STScI},
	url = {https://webbtelescope.org/resource-gallery/articles/pagecontent/filter-articles/spectroscopy-101--how-absorption-and-emission-spectra-work?filterUUID=a776e097-0c60-421c-baec-1d8ad049bfb0#:~:text=Different%20elements%20have%20different%20spectra,electrons%20move%20between%20energy%20levels.}
}

@misc{webb,
	Title={Atomic Spectroscopy},
	author={Şerife Yalçın},
	url = {http://web.iyte.edu.tr/~serifeyalcin/lectures/chem502/L3.pdf}
}