@book{RadDet,
	Title={Radiation Detection And Measurement},
	author={Glenn Knoll},
	year={1979},
	publisher={Wiley}
}

@misc{RF_thomson,
	Title={Richard Fitzpartick Lecture Notes},
	author={Richard Fitzpartick},
	year={2014},
	url = {https://farside.ph.utexas.edu/teaching/jk1/Electromagnetism/node107.html}
}

@article{compton:1923,
  title={A Quantum Theory of the Scattering of X-Rays by Light Elements},
  author={Compton, Arthur H.},
  journal={Physical Review},
  volume={21},
  number={5},
  pages={483--502},
  year={1923}
}

@article{rg,
  title={Calculation for Graphite Cavity Ion Chamber Response to Cs-137 Gamma Ray using EGSnrc Monte Carlo Code
},
  author={Rindhatayathon, Siriwitpreecha},
  journal={RSU Research Conference 2020},
  year={2020}
}
